@INPROCEEDINGS{hexarotor,
  author={Rajappa, Sujit and Ryll, Markus and Bülthoff, Heinrich H. and Franchi, Antonio},
  booktitle={2015 IEEE International Conference on Robotics and Automation (ICRA)},
  title={Modeling, control and design optimization for a fully-actuated hexarotor aerial vehicle with tilted propellers},
  year={2015},
  volume={},
  number={},
  pages={4006-4013},
  doi={10.1109/ICRA.2015.7139759}
}


@ARTICLE{rospo,
  author={Furci, Michele and Nainer, Carlo and Zaccarian, Luca and Franchi, Antonio},
  journal={IEEE Transactions on Control Systems Technology},
  title={Input Allocation for the Propeller-Based Overactuated Platform ROSPO},
  year={2020},
  volume={28},
  number={6},
  pages={2720-2727},
  doi={10.1109/TCST.2019.2944341}
}

@book{maple,
    year = {2023},
    author = {MapleSoft},
    title = {Maple 2023},
    publisher = {a division of Waterloo Maple Inc.},
    address = {Waterloo, Ontario}
}

@MISC{eigen,
    author = {Ga\"{e}l Guennebaud and Beno\^{i}t Jacob and others},
    title = {Eigen v3},
    howpublished = {http://eigen.tuxfamily.org},
    year = {2010}
}

@misc{pybind11,
    author = {Wenzel Jakob and Jason Rhinelander and Dean Moldovan},
    year = {2016},
    note = {https://github.com/pybind/pybind11},
    title = {pybind11 — Seamless operability between C++11 and Python}
}

@ARTICLE{scipy,
  author  = {Virtanen, Pauli and Gommers, Ralf and Oliphant, Travis E. and
            Haberland, Matt and Reddy, Tyler and Cournapeau, David and
            Burovski, Evgeni and Peterson, Pearu and Weckesser, Warren and
            Bright, Jonathan and {van der Walt}, St{\'e}fan J. and
            Brett, Matthew and Wilson, Joshua and Millman, K. Jarrod and
            Mayorov, Nikolay and Nelson, Andrew R. J. and Jones, Eric and
            Kern, Robert and Larson, Eric and Carey, C J and
            Polat, {\.I}lhan and Feng, Yu and Moore, Eric W. and
            {VanderPlas}, Jake and Laxalde, Denis and Perktold, Josef and
            Cimrman, Robert and Henriksen, Ian and Quintero, E. A. and
            Harris, Charles R. and Archibald, Anne M. and
            Ribeiro, Ant{\^o}nio H. and Pedregosa, Fabian and
            {van Mulbregt}, Paul and {SciPy 1.0 Contributors}},
  title   = {{{SciPy} 1.0: Fundamental Algorithms for Scientific
            Computing in Python}},
  journal = {Nature Methods},
  year    = {2020},
  volume  = {17},
  pages   = {261--272},
  adsurl  = {https://rdcu.be/b08Wh},
  doi     = {10.1038/s41592-019-0686-2},
}

@misc{tensorflow,
title={ {TensorFlow}: Large-Scale Machine Learning on Heterogeneous Systems},
url={https://www.tensorflow.org/},
note={Software available from tensorflow.org},
author={
    Mart\'{i}n~Abadi and
    Ashish~Agarwal and
    Paul~Barham and
    Eugene~Brevdo and
    Zhifeng~Chen and
    Craig~Citro and
    Greg~S.~Corrado and
    Andy~Davis and
    Jeffrey~Dean and
    Matthieu~Devin and
    Sanjay~Ghemawat and
    Ian~Goodfellow and
    Andrew~Harp and
    Geoffrey~Irving and
    Michael~Isard and
    Yangqing Jia and
    Rafal~Jozefowicz and
    Lukasz~Kaiser and
    Manjunath~Kudlur and
    Josh~Levenberg and
    Dandelion~Man\'{e} and
    Rajat~Monga and
    Sherry~Moore and
    Derek~Murray and
    Chris~Olah and
    Mike~Schuster and
    Jonathon~Shlens and
    Benoit~Steiner and
    Ilya~Sutskever and
    Kunal~Talwar and
    Paul~Tucker and
    Vincent~Vanhoucke and
    Vijay~Vasudevan and
    Fernanda~Vi\'{e}gas and
    Oriol~Vinyals and
    Pete~Warden and
    Martin~Wattenberg and
    Martin~Wicke and
    Yuan~Yu and
    Xiaoqiang~Zheng},
  year={2015},
}

@misc{vanishing,
  author={Tomasz Szandała},
  title={Review and Comparison of Commonly Used Activation Functions for Deep Neural Networks},
  year={2020},
  organization={Wroclaw University of Science and Technology}
}

@misc{ANNallocator,
      title={Nonlinear Control Allocation: A Learning Based Approach},
      author={Hafiz Zeeshan Iqbal Khan and Surrayya Mobeen and Jahanzeb Rajput and Jamshed Riaz},
      year={2022},
      eprint={2201.06180},
      archivePrefix={arXiv},
      primaryClass={eess.SY}
}

@INPROCEEDINGS{friction,
  author={Makkar, C. and Dixon, W.E. and Sawyer, W.G. and Hu, G.},
  booktitle={Proceedings, 2005 IEEE/ASME International Conference on Advanced Intelligent Mechatronics.},
  title={A new continuously differentiable friction model for control systems design},
  year={2005},
  volume={},
  number={},
  pages={600-605},
  doi={10.1109/AIM.2005.1511048}
}

